@article{Zumba2018,
	author = {Zumba, J. P. and León Arreaga, C. A.},
	title = {Evolución de las metodologías y modelos utilizados en el desarrollo de software},
	journal = {INNOVA Research Journal},
	volume = {3},
	number = {10},
	pages = {20--33},
	year = {2018},
	doi = {10.33890/innova.v3.n10.2018.651},
}

@misc{Carballar2009,
	author = {Carballar, D.},
	title = {Ingeniería del Software},
	year = {2009},
	howpublished = {\url{http://www.eduinnova.es/dic09/Ingenieria_Software.pdf}},
}

@misc{Asana2024,
	author = {Asana, T.},
	title = {Las 12 metodologías más populares para la gestión de proyectos [2024]},
	year = {2024},
	month = {febrero},
	day = {19},
	publisher = {Asana},
	howpublished = {\url{https://asana.com/es/resources/project-management-methodologies}},
}

@mastersthesis{QuesadaReyes2020,
	author = {Quesada Reyes Nora Tatiana},
	title = {Estudio sobre metodologías ágiles en los proyectos de software. Propuesta de plan de implantación para PYMES},
	school = {Universidad de Sevilla},
	year = {2020},
	type = {Tesis de maestría},
	url = {https://biblus.us.es/bibing/proyectos/abreproy/71934/descargar_fichero/TFM1934+QUESADA+REYES%2C+NORA.pdf},
}

@mastersthesis{Lascano2018,
	author = {Lascano Diego Mario},
	title = {Metodologías ágiles y trabajo en red para asegurar el correcto desarrollo e implementación de software. Estudio del sector e-commerce en una gran empresa de retail en Argentina},
	school = {Escuela de negocios, Universidad de San Andrés},
	year = {2018},
	type = {Tesis de Maestría en Gestión de Servicios Tecnológicos y Telecomunicaciones},
	url = {https://repositorio.udesa.edu.ar/jspui/bitstream/10908/16144/1/%5BP%5D%5BW%5D%20T.%20M.%20Ges.%20Lascano%2C%20Diego%20Mario.pdf},
}

@misc{Maida2015,
	author = {Maida, E. G. and Pacienzia, J.},
	title = {Metodologías de desarrollo de software},
	year = {2015},
	howpublished = {\url{https://repositorio.uca.edu.ar/bitstream/123456789/522/1/metodologias-desarrollo-software.pdf}},
}

@misc{Espinoza2023,
	author = {Marina Espinoza},
	title = {Elección y adaptación: La historia, la unidad fundamental en Scrum que impulsa el éxito en tu proyecto},
	year = {2023},
	month = {octubre},
	day = {13},
	publisher = {Metodología SCRUM},
	howpublished = {\url{https://metodologiascrum.com/metodologia-scrum-metodologia-y-principios-cual-es-la-unidad-fundamental-de-scrum/}},
}

@misc{Mesa2023,
	author = {Abraham Requena Mesa},
	title = {Qué es Scrum: Origen y características},
	year = {2023},
	month = {mayo},
	day = {12},
	publisher = {OpenWebinars.net},
	howpublished = {\url{https://openwebinars.net/blog/que-es-scrum/}},
}

@misc{Nache2022,
	author = {Rubén Nache},
	title = {Metodologías ágiles de desarrollo de software más usadas - Armadillo Amarillo},
	year = {2022},
	month = {diciembre},
	day = {22},
	publisher = {Armadillo Amarillo - Desarrollo mobile y web},
	howpublished = {\url{https://www.armadilloamarillo.com/blog/metodologias-agiles-de-desarrollo-software/}},
}

@misc{Vargas2022,
	author = {Sylvana Vizarraga and Erick Vargas},
	title = {Transición de modelos Tradicionales a Ágiles para un equipo de Pruebas},
	year = {2022},
	month = {febrero},
	day = {12},
	publisher = {Encora},
	howpublished = {\url{https://www.encora.com/es/blog/transicion-de-modelos-tradicionales-a-agiles-para-un-equipo-de-pruebas}},
}
